<record><leader>00000cas a22000007a 4500</leader><controlfield tag="001">8789792</controlfield><controlfield tag="008">820920d1839184uinumr ne      0    0eng  </controlfield><datafield ind1=" " ind2=" " tag="010"><subfield code="a">sn 82006513 </subfield></datafield><datafield ind1=" " ind2=" " tag="040"><subfield code="a">DLC</subfield><subfield code="b">eng</subfield><subfield code="c">DLC</subfield><subfield code="d">NPI</subfield><subfield code="d">DLC</subfield><subfield code="d">NPI</subfield><subfield code="d">OCLCQ</subfield></datafield><datafield ind1=" " ind2=" " tag="042"><subfield code="a">msc</subfield></datafield><datafield ind1="0" ind2="0" tag="050"><subfield code="a">Newspaper 7701-X</subfield></datafield><datafield ind1="0" ind2=" " tag="130"><subfield code="a">Aurora (New Albany, Ind.)</subfield></datafield><datafield ind1="1" ind2="4" tag="245"><subfield code="a">The Aurora.</subfield></datafield><datafield ind1=" " ind2=" " tag="260"><subfield code="a">New Albany, Ind. :</subfield><subfield code="b">Butler, Shields &amp; Co.</subfield></datafield><datafield ind1=" " ind2=" " tag="300"><subfield code="a">v. ;</subfield><subfield code="c">30 cm.</subfield></datafield><datafield ind1=" " ind2=" " tag="310"><subfield code="a">Monthly</subfield></datafield><datafield ind1="1" ind2=" " tag="362"><subfield code="a">Began in Apr. 1839.</subfield></datafield><datafield ind1=" " ind2=" " tag="500"><subfield code="a">Publishers: &lt;No. 2&gt;-4, Ogden, Ayers, Butler &amp; Shields; no. 5-7, Ayres, Butler, Shields &amp; Co.; no. 8-&lt;10&gt;, Butler, Shields &amp; Co.</subfield></datafield><datafield ind1=" " ind2=" " tag="515"><subfield code="a">Vol. 1, no. 10 misdated on masthead as Jan. 1839 [i.e. 1840].</subfield></datafield><datafield ind1=" " ind2=" " tag="588"><subfield code="a">Description based on: Vol. 1, no. 2 (May 1839).</subfield></datafield><datafield ind1=" " ind2=" " tag="752"><subfield code="a">United States</subfield><subfield code="b">Indiana</subfield><subfield code="c">Floyd</subfield><subfield code="d">New Albany.</subfield></datafield></record>